<record xmlns="http://www.loc.gov/MARC21/slim" xmlns:xsi="http://www.w3.org/2001/XMLSchema-instance" xsi:schemaLocation="http://www.loc.gov/MARC21/slim http://www.loc.gov/standards/marcxml/schema/MARC21slim.xsd"><leader>02604nam a2200481   4500</leader><controlfield tag="001">3068518</controlfield><controlfield tag="003">NNC</controlfield><controlfield tag="006">m        d        </controlfield><controlfield tag="007">cr cn |||m|||a</controlfield><controlfield tag="008">150110s1947    ua      ob    000 0 ara d</controlfield><datafield ind1=" " ind2=" " tag="040"><subfield code="a">NNU</subfield><subfield code="b">eng</subfield><subfield code="e">rda</subfield><subfield code="c">NNU</subfield></datafield><datafield ind1=" " ind2=" " tag="043"><subfield code="a">aw-----</subfield><subfield code="a">ff-----</subfield></datafield><datafield ind1="1" ind2="4" tag="050"><subfield code="a">JX1641</subfield><subfield code="b">.I13 1947</subfield></datafield><datafield ind1="1" ind2=" " tag="100"><subfield code="6">880-01</subfield><subfield code="a">Ibn al-Farra&#772;&#700;, al-H&#803;usayn Ibn Muh&#803;ammad.</subfield></datafield><datafield ind1="1" ind2="0" tag="240"><subfield code="6">880-02</subfield><subfield code="a">Rusul al-mulu&#772;k wa-man yas&#803;luh&#803;u lil-risa&#772;lah wa-al-safa&#772;rah</subfield></datafield><datafield ind1="1" ind2="0" tag="245"><subfield code="6">880-03</subfield><subfield code="a">Kita&#772;b rusul al-mulu&#772;k :</subfield><subfield code="b">wa-man yas&#803;luh&#803; lil-risa&#772;lah wa-al-safa&#772;rah /</subfield><subfield code="c">ta&#700;li&#772;f Abi&#772; &#699;Ali&#772; al-H&#803;usayn ibn Muh&#803;ammad al-ma&#699;ru&#772;f bi-Ibn al-Fara&#772;&#700; ; h&#803;aqqaqahu S&#803;ala&#772;h&#803; al-Di&#772;n al-Munajjid.</subfield></datafield><datafield ind1=" " ind2=" " tag="260"><subfield code="6">880-04</subfield><subfield code="a">al-Qa&#772;hirah :</subfield><subfield code="b">Mat&#803;ba&#699;at Lajnat al-Ta&#700;li&#772;f wa-al-Tarjamah wa-al-Nashr,</subfield><subfield code="c">1947.</subfield></datafield><datafield ind1=" " ind2=" " tag="300"><subfield code="a">online resource (14, 199 p.)</subfield></datafield><datafield ind1=" " ind2=" " tag="336"><subfield code="a">text</subfield><subfield code="2">rdacontent</subfield></datafield><datafield ind1=" " ind2=" " tag="337"><subfield code="a">computer</subfield><subfield code="2">rdamedia</subfield></datafield><datafield ind1=" " ind2=" " tag="338"><subfield code="a">online resource</subfield><subfield code="2">rdacarrier</subfield></datafield><datafield ind1=" " ind2=" " tag="500"><subfield code="a">Part of the Arabic Collections Online (ACO) project, contributed by Columbia University Libraries.</subfield></datafield><datafield ind1=" " ind2=" " tag="504"><subfield code="a">Includes bibliographical references.</subfield></datafield><datafield ind1=" " ind2=" " tag="533"><subfield code="a">Electronic reproduction.</subfield><subfield code="b">New York, N.Y. :</subfield><subfield code="c">New York University,</subfield><subfield code="d">2015.</subfield><subfield code="5">NNU</subfield></datafield><datafield ind1=" " ind2="0" tag="650"><subfield code="a">Ambassadors.</subfield></datafield><datafield ind1=" " ind2="0" tag="651"><subfield code="a">Islamic Empire</subfield><subfield code="x">Foreign relations.</subfield></datafield><datafield ind1=" " ind2="0" tag="650"><subfield code="a">Diplomatic etiquette</subfield><subfield code="z">Islamic Empire.</subfield></datafield><datafield ind1=" " ind2="7" tag="650"><subfield code="a">Ambassadors.</subfield><subfield code="2">fast</subfield><subfield code="0">(OCoLC)fst00806713</subfield></datafield><datafield ind1=" " ind2="7" tag="650"><subfield code="a">Diplomatic etiquette.</subfield><subfield code="2">fast</subfield><subfield code="0">(OCoLC)fst00894384</subfield></datafield><datafield ind1=" " ind2="7" tag="650"><subfield code="a">International relations.</subfield><subfield code="2">fast</subfield><subfield code="0">(OCoLC)fst00977053</subfield></datafield><datafield ind1=" " ind2="7" tag="651"><subfield code="a">Islamic Empire.</subfield><subfield code="2">fast</subfield><subfield code="0">(OCoLC)fst01244134</subfield></datafield><datafield ind1="1" ind2=" " tag="700"><subfield code="6">880-05</subfield><subfield code="a">Munajjid, S&#803;ala&#772;h&#803; al-Di&#772;n.</subfield></datafield><datafield ind1="2" ind2=" " tag="710"><subfield code="a">Columbia University.</subfield><subfield code="b">Libraries.</subfield></datafield><datafield ind1="0" ind2=" " tag="730"><subfield code="a">Arabic Collections Online.</subfield></datafield><datafield ind1="0" ind2="8" tag="776"><subfield code="i">Print version:</subfield><subfield code="a">Ibn al-Farra&#772;&#700;, al-H&#803;usayn Ibn Muh&#803;ammad.</subfield><subfield code="t">Kita&#772;b rusul al-mulu&#772;k</subfield><subfield code="w">(NNC)3068518</subfield><subfield code="w">(OCoLC)37945797</subfield></datafield><datafield ind1="4" ind2="0" tag="856"><subfield code="u">http://hdl.handle.net/2333.1/5qfttgqc</subfield></datafield><datafield ind1="1" ind2=" " tag="880"><subfield code="6">100-01/r</subfield><subfield code="a">&#1575;&#1576;&#1606; &#1575;&#1604;&#1601;&#1585;&#1575;&#1569;&#1548; &#1575;&#1604;&#1581;&#1587;&#1610;&#1606; &#1575;&#1576;&#1606; &#1605;&#1581;&#1605;&#1583;.</subfield></datafield><datafield ind1="1" ind2="0" tag="880"><subfield code="6">240-02/r</subfield><subfield code="a">&#1585;&#1587;&#1604; &#1575;&#1604;&#1605;&#1604;&#1608;&#1603; &#1608;&#1605;&#1606; &#1610;&#1589;&#1604;&#1581; &#1604;&#1604;&#1585;&#1587;&#1575;&#1604;&#1577; &#1608;&#1575;&#1604;&#1587;&#1601;&#1575;&#1585;&#1577;</subfield></datafield><datafield ind1="1" ind2="0" tag="880"><subfield code="6">245-03/r</subfield><subfield code="a">&#1603;&#1578;&#1575;&#1576; &#1585;&#1587;&#1604; &#1575;&#1604;&#1605;&#1604;&#1608;&#1603; :</subfield><subfield code="b">&#1608;&#1605;&#1606; &#1610;&#1589;&#1604;&#1581; &#1604;&#1604;&#1585;&#1587;&#1575;&#1604;&#1577; &#1608;&#1575;&#1604;&#1587;&#1601;&#1575;&#1585;&#1577; /</subfield><subfield code="c">&#1578;&#1571;&#1604;&#1610;&#1601; &#1575;&#1576;&#1610; &#1593;&#1604;&#1610; &#1575;&#1604;&#1581;&#1587;&#1610;&#1606; &#1576;&#1606; &#1605;&#1581;&#1605;&#1583; &#1575;&#1604;&#1605;&#1593;&#1585;&#1608;&#1601; &#1576;&#1575;&#1576;&#1606; &#1575;&#1604;&#1601;&#1585;&#1575;&#1569; &#1563; &#1581;&#1602;&#1602;&#1607; &#1589;&#1604;&#1575;&#1581; &#1575;&#1604;&#1583;&#1610;&#1606; &#1575;&#1604;&#1605;&#1606;&#1580;&#1583;.</subfield></datafield><datafield ind1=" " ind2=" " tag="880"><subfield code="6">260-04/r</subfield><subfield code="a">&#1575;&#1604;&#1602;&#1575;&#1607;&#1585;&#1577; :</subfield><subfield code="b">&#1605;&#1591;&#1576;&#1593;&#1577; &#1604;&#1580;&#1606;&#1577; &#1575;&#1604;&#1578;&#1571;&#1604;&#1610;&#1601; &#1608;&#1575;&#1604;&#1578;&#1585;&#1580;&#1605;&#1577; &#1608;&#1575;&#1604;&#1606;&#1588;&#1585;&#1548;</subfield><subfield code="c">1947.</subfield></datafield><datafield ind1="1" ind2=" " tag="880"><subfield code="6">700-05/r</subfield><subfield code="a">&#1605;&#1606;&#1580;&#1583;&#1548; &#1589;&#1604;&#1575;&#1581; &#1575;&#1604;&#1583;&#1610;&#1606;.</subfield></datafield><datafield ind1=" " ind2=" " tag="959"><subfield code="a">NNU</subfield><subfield code="b">WEB</subfield><subfield code="c">GENI</subfield><subfield code="t">0</subfield><subfield code="m">Electronic access</subfield><subfield code="s">01</subfield></datafield><datafield ind1=" " ind2=" " tag="999"><subfield code="i">NNC_3068518</subfield><subfield code="o">(OCoLC)37945797</subfield></datafield></record>